@book{BeamformingBook,
    title={Beamforming in Wireless Networks},
    author = {Golbon-Haghighi, M.H.},
    isbn = {9781466557529},
    year = {2016},
    publisher = {InTech Open. pp. }
}
@book{adams1995hitchhiker,
  title={The Hitchhiker's Guide to the Galaxy},
  author={Adams, D.},
  isbn={9781417642595},
  url={http://books.google.com/books?id=W-xMPgAACAAJ},
  year={1995},
  publisher={San Val}
}
@article{BeamformingFuture,
title={Beamforming techniques for massive MIMO system in 5G: overview, classification, and trend for future research},
author={Ehab Ali, Mahamod Ismail},
year={2017},
}
@article{MassiveMIMO,
title={Massive MIMO for next generation wireless systems},
author={Larsson, E.G., Edfors, O., Tufvesson, F.},
year={2014},
journal={IEEE Commun. Mag., 52(2):186-195.}
}
@article{mmWave,
title={An introduction to Millimeter-Wave mobile broadband systems},
author={Zhouyue Pi, Farooq Khan, Samsung Electronics},
year={2011},
journal={IEEE Communications Magazine}
}
@article{ChannelHarden,
title={Multiple-antenna channel hardening and its implications for rate feedback and scheduling},
author={M. Hochwald, T. L. Marzetta, V. Tarokh},
year={2004},
journal={IEEE Transactions on Information Theory}
}
@article{mmWaveandMIMO,
title={MIMO for millimeter-wave wireless communications: beamforming, spatial multiplexing, or both?},
author={Sun, S., Rappaport, T.S., Heath, R.W.},
year={2014},
journal={IEEE Communications Magazine}
}